4159 5142
630 415 864 495 vincucts
888 422 945 491 nc
969 416 1153 517 Junan
1462 420 1582 505 m,
1711 504 1730 521 „
1856 430 1873 455 *-

131 550 135 557 ’
186 555 567 655 tumaij'tonemsusdpere
578 559 710 641 volenti,
717 559 854 649 lotorem
863 556 1045 651 Drnftllam.
1057 555 1481 655 EpiphmesmimAntioehi
1488 561 1584 653 Regis
1714 608 1719 629 ,

177 652 266 746 itlius
275 657 518 750 recusavitejm
527 663 664 754 nuptias,
681 665 762 757 qaod
769 658 1050 748 mutatasententia
1057 661 1239 753 Jadaaram
1249 656 1428 753 religionem
1439 656 1583 752 mnpseili

185 760 295 841 nodet,
314 777 357 828 at
370 755 915 855 eratpollicitmpneliaeparentiltm.
958 757 1098 848 Dtufilla
1107 778 1278 832 autemnon
1287 754 1581 853 multoposidimiffit

185 852 274 938 eliab
284 860 407 939 Azita
424 880 465 930 ex
483 854 758 949 aaufflrbujusmndi
767 887 778 952 ς
803 860 896 930 Felix
908 882 1001 955 qnam
1018 856 1089 949 effa
1099 860 1215 951 Juiae
1223 877 1429 954 procurator„
1449 856 1581 945 vesanae

132 987 138 999 ·
179 954 387 1047 faeminarum
405 961 540 1031 omnium
544 958 777 1052 pulcherrima,
802 984 906 1030 amore
926 965 1130 1053 ejmeaptm,
1159 962 1313 1031 Simonem
1331 960 1461 1031 atnieum
1470 956 1576 1045 snum,

138 1102 144 1107 -
185 1056 464 1153 Jadeamgenere
475 1054 637 1157 Cyprium,
650 1074 710 1154 pm
720 1082 807 1152 mago
807 1058 844 1150 se
846 1079 1021 1153 gerentem,
1034 1063 1150 1129 meam
1159 1055 1253 1146 mifir,
1264 1060 1319 1153 qni
1325 1058 1485 1130 mulierem
1493 1057 1578 1144 silli-

184 1158 301 1253 citaret
316 1174 358 1226 at
368 1156 478 1231 reliiie
485 1154 776 1253 priorematitoipfi
784 1156 938 1236 nuberet,
960 1163 1091 1228 Beatam
1099 1154 1350 1249 ffirepollicmsfi
1357 1180 1415 1231 noa
1437 1154 1577 1239 allidiret

184 1252 353 1327 ieomimm.
398 1254 699 1344 lsiamaieconsulta
710 1258 955 1331 volmuevadere
965 1254 1187 1337 molestationes
1189 1254 1305 1344 fitonis
1316 1260 1473 1336 Bernices,
1491 1261 1576 1328 invi·

185 1356 286 1426 dentis
294 1352 362 1444 fibi
367 1351 482 1445 fierme
489 1356 744 1451 praecellentiam,
772 1354 1044 1445 consenfitcalcata
1055 1356 1201 1451 religione
1216 1358 1326 1450 patria
1336 1356 1436 1429 Felici
1446 1354 1573 1429 nubere.

195 1494 199 1499 ‚
234 1457 377 1526 XXIV.
408 1458 495 1526 Haec
512 1453 558 1528 est
572 1452 633 1526 illa
642 1452 765 1527 nostrae
781 1479 872 1528 nunc
883 1449 1345 1541 confideretionisDrusrlla3
1363 1478 1573 1551 quaequam·
1608 1452 1705 1516 xxiv.

188 1554 240 1624 vis
251 1546 708 1650 profanosecoinquinaffer
729 1550 918 1651 conjugio,
943 1554 1108 1647 conjicere
1121 1576 1234 1628 tamen
1243 1580 1288 1628 ex
1309 1552 1374 1628 hoc
1384 1552 1465 1627 loco
1475 1556 1567 1635 licet,
1581 1528 1747 1669 fflduhffi‘

189 1676 260 1725 non
266 1650 413 1747 prorsus
425 1646 597 1729 exanimo
607 1648 709 1747 ipfius
716 1653 869 1729 deletum
880 1649 976 1727 fuisse
989 1678 1094 1750 quem
1107 1654 1150 1728 ab
1159 1653 1304 1730 infantia
1321 1656 1501 1727 imbiberat
1517 1678 1566 1726 re·
1578 1624 1717 1743 tandeim
1742 1664 1745 1669 ’

187 1748 330 1847 ligionis
348 1749 497 1828 sensum.
547 1761 660 1828 Lucas
669 1757 762 1827 enim
771 1749 958 1827 Drusillam
978 1756 1184 1843 nominans,
1213 1750 1289 1829 satis
1300 1756 1413 1829 innuit
1425 1758 1460 1828 in
1472 1752 1565 1829 illius
1576 1752 1704 1839 religione
1713 1778 1747 1847 ις

177 1923 183 1928 .
230 1854 514 1927 atiamvocatum
523 1849 621 1927 fuisse
632 1854 802 1938 Paulum,
829 1878 933 1949 quern
941 1853 1040 1930 Felix
1049 1850 1183 1931 fortasse
1193 1853 1371 1951 colloquio
1381 1858 1565 1951 caeteroqui
1579 1846 1747 1969 ffl‘jff'·

188 1872 640 2051 ffiodiffiatusnonmiffet.
685 1957 789 2028 Venit
800 1957 917 2050 itaque
928 1950 1078 2037 Paulus,
1109 1981 1146 2027 ac
1150 1960 1332 2051 predicavit
1346 1953 1440 2044 fidem
1458 1980 1522 2053 qna
1534 1960 1566 2028 in
1579 1926 1652 2041 nne
1710 1930 1742 1969 e-

193 2046 418 2139 Oniiiumest.
464 2060 586 2153 Qrum
595 2052 799 2128 adtribunal
811 2078 889 2127 reus
899 2053 1020 2135 staret,
1046 2051 1243 2147 objedafibi
1254 2057 1394 2128 crimina
1405 2056 1568 2128 diluenda

191 2144 312 2224 habuit
323 2176 337 2236 3
359 2155 407 2226 de
426 2150 589 2251 religione
608 2152 798 2233 Christiana
818 2175 858 2225 ut
875 2152 1051 2249 prolixam
1079 2153 1265 2227 instituerer
1286 2146 1567 2236 dissertationem,

194 2272 302 2345 neque
312 2256 483 2349 temporis
491 2253 599 2337 illius,
614 2277 723 2350 neque
732 2253 801 2327 loci
812 2275 894 2326 erat.
921 2257 1025 2325 Nunc
1035 2277 1119 2327 vero
1130 2253 1347 2348 ubiapertam
1364 2250 1424 2325 fibi
1433 2254 1568 2327 dicendi
1673 2296 1675 2304 ·

191 2349 465 2438 januamcernit,
494 2379 604 2450 neque
615 2349 767 2427 Praefidis
778 2346 1000 2425 offenfionem
1009 2350 1196 2435 formidat,
1220 2350 1477 2427 necdiscriminc
1492 2352 1566 2427 ulso
1670 2410 1675 2417 .
1740 2358 1749 2365 “

193 2468 356 2534 terretur,
383 2478 457 2549 quo
468 2452 730 2527 minusomncm
742 2452 1461 2550 Evangeliiveritatemintrepideexponat.
1499 2458 1567 2525 lta·

193 2570 259 2641 que
279 2553 443 2626 videmus
463 2552 516 2627 hic
542 2552 781 2627 eam-infrana
797 2551 993 2625 constantiae
1009 2576 1116 2648 quam
1134 2549 1265 2627 solertis
1284 2555 1475 2648 prudentiae
1491 2556 1566 2628 exi·
1651 2632 1658 2641 ,

194 2648 301 2721 mium
320 2654 358 2725 in
377 2650 490 2726 Paulo
501 2648 688 2748 specimen:
711 2679 770 2727 nec
786 2676 938 2748 unquam
951 2652 1130 2751 Evangelii
1146 2651 1258 2727 lucem
1268 2653 1311 2725 ab
1323 2679 1364 2726 co
1377 2650 1473 2733 fuisse
1482 2678 1565 2728 con·
1680 2740 1684 2747 ἦ
1705 2698 1710 2705 -

136 2752 146 2763 ”
194 2741 279 2819 sulto
291 2746 512 2847 suppressam,
530 2750 723 2845 scdjudicio
735 2752 892 2826 habitum
902 2747 998 2826 fuisse
1007 2755 1172 2847 temporis
1183 2751 1364 2827 delectum.
1393 2760 1444 2826 lta
1458 2776 1564 2848 porro

195 2845 236 2917 dc
243 2843 318 2923 fidei
335 2851 539 2927 Christianae
549 2852 700 2927 articulis
712 2850 922 2948 disputavit,
948 2874 989 2924 ut
996 2878 1057 2926 eos
1075 2876 1195 2927 omnes
1211 2853 1401 2927 advirturis
1411 2852 1563 2927 studium

129 2979 130 2983 ¹
194 2966 409 3044 comparatos
430 2948 493 3027 else
510 2955 664 3027 doceret:
701 2954 907 3027 nominatim
926 2952 969 3024 dc
979 2952 1105 3047 justitia
1125 2956 1170 3027 d*
1187 2958 1370 3029 continentia
1386 2948 1561 3039 disseruit,

195 3050 287 3137 quod
302 3052 399 3146 apud
406 3051 585 3136 homines,
616 3051 734 3149 quales
754 3052 898 3126 Felix&
909 3046 1057 3125 Drusilla
1075 3074 1183 3135 crant,
1201 3055 1378 3127 contrariis
1390 3056 1485 3127 vitiis
1497 3057 1564 3127 im-

195 3144 307 3232 mern,
333 3178 501 3249 perquam
512 3154 685 3247 judicabat
698 3148 759 3226 csse
770 3148 1007 3233 necessarium,
1034 3154 1247 3226 mentionem
1258 3156 1361 3227 etiam
1366 3152 1474 3246 fleturi
1474 3154 1562 3247 jaan·-

150 3322 163 3340 ,Α
196 3247 359 3340 ciiinjicit,
374 3248 551 3328 ursecuras
562 3248 1037 3327 menres'Divinaeseveriratis
1046 3274 1141 3327 metu
1152 3251 1321 3349 percellat.
1349 3260 1387 3329 ln
1397 3257 1561 3329 omnibus

196 3365 358 3424 ueroeam
369 3352 661 3431 ostenditdicendi
671 3352 876 3434 libertatem,
890 3377 966 3425 eam
974 3353 1120 3427 docendi
1131 3358 1383 3437 austeritatem,
1402 3381 1475 3428 cam
1485 3378 1561 3449 pcr-
1682 3420 1685 3429 Δ

195 3440 350 3524 suadendi
359 3456 451 3535 vim,
464 3474 503 3526 ut
514 3452 729 3527 tremefactus
736 3450 888 3534 Felixad
898 3452 935 3524 id
944 3475 1079 3547 tempus
1087 3455 1179 3527 abire
1187 3451 1295 3547 ipsum
1306 3450 1445 3545 jusserit,
1457 3478 1561 3547 opor·

197 3548 324 3623 tuniore
344 3550 519 3626 occasione
535 3554 660 3646 iterum
675 3550 900 3626 audiendum.
952 3557 1084 3627 Mirum
1099 3557 1190 3627 enim
1206 3578 1290 3626 vero
1309 3548 1558 3649 spedaculuml
1688 3554 1693 3565 ’

198 3641 403 3741 Exvinculis
410 3650 537 3727 Paulus
546 3648 672 3726 disserit
682 3654 725 3726 de
734 3652 861 3739 iudicio
872 3654 951 3724 Dei.
972 3713 977 3720 .
996 3658 1154 3727 laverna
1169 3658 1265 3745 cujus
1281 3654 1422 3726 arbitrio
1438 3654 1559 3726 vita&

197 3765 285 3819 more
294 3755 367 3843 ejus
376 3752 567 3848 pendebat,
586 3774 682 3826 totns
692 3747 897 3825 exhorrescit
907 3777 921 3838 3
940 3750 1436 3835 nccaliudinvenitsolatiums
1454 3776 1559 3847 quarn

198 3835 304 3921 sicum
317 3850 528 3947 aconspcliu
540 3850 602 3926 suo
612 3849 829 3925 submoveat.

132 4009 150 4021 e
214 4024 218 4030 ,
244 3948 353 4025 XXV.
381 3950 527 4026 Postilla
536 3953 633 4027 Felix
644 3950 788 4025 Paulum
805 3951 955 4026 crebrius
969 3951 1015 4025 ad
1032 3952 1206 4049 colloquia
1220 3948 1389 4029 accersivit
1403 3980 1412 4029 t
1440 3976 1509 4029 non
1520 3974 1559 4029 ut
1571 3976 1654 4037 xxv.
1669 3970 1715 4035 nb

201 4037 276 4117 boni
288 4050 420 4149 aliquid
433 4074 478 4127 ex
489 4048 562 4147 ipso
571 4048 732 4138 discereta
751 4048 809 4125 fed
821 4076 1004 4134 nummos,
1031 4050 1166 4147 sipoto,
1189 4055 1335 4131 eliceret.
1384 4056 1558 4154 Qtamvis
1571 4070 1651 4113 avaro
1660 4050 1732 4112 Feli·

200 4146 283 4218 enim
293 4151 335 4223 de
346 4154 539 4227 innocentia
551 4152 647 4225 Pauli
657 4155 774 4225 animo
783 4147 845 4224 suo
854 4148 1113 4247 persuastffimus
1122 4148 1211 4237 essct,
1232 4154 1338 4228 homo
1352 4178 1464 4229 tamen
1476 4179 1557 4227 ava·
1569 4148 1712 4266 arnum-

201 4249 510 4347 mcueonuptelis
520 4254 658 4327 deditus
665 4256 770 4350 gratis
781 4250 948 4325 insontem
956 4252 1130 4327 absolvere
1139 4256 1263 4329 noluit.
1296 4263 1380 4329 Non
1393 4252 1556 4345 nesciebat
1570 4228 1739 4351 speffinn

200 4332 281 4425 stne,
297 4373 417 4441 parum
429 4378 447 4425 a
457 4356 594 4449 captivo
602 4350 664 4426 suo
674 4353 923 4447 expectandum
931 4350 1006 4435 csse,
1028 4354 1300 4455 homine‘egeno,
1321 4356 1555 4443 &destitut03
1570 4358 1636 4449 colis
1652 4357 1733 4445 bien-

129 4495 145 4553 j.
202 4450 396 4525 necmodica
401 4454 516 4547 praeda
524 4474 705 4527 contentus
716 4446 779 4526 elle
788 4455 905 4548 potuit
914 4454 1133 4550 inexplebilis
1140 4476 1275 4554 gurges.
1301 4456 1367 4529 Sed
1379 4458 1557 4533 audiverat
1570 4453 1646 4494 ”¹⁰⁰¹
1656 4434 1705 4494 ‘¹⁶‘

177 4535 241 4681 ¹‘dc
249 4536 541 4633 coueassapaulo
555 4549 990 4658 Hierosolymamdclatio,
1017 4556 1241 4658 credebatque
1252 4580 1323 4635 non
1334 4554 1517 4635 defuturos
1525 4562 1556 4633 ei
1569 4526 1731 4651 iffi&
1777 4548 1784 4559 ’

797 4736 801 4741 .
866 4658 950 4757 ,Q
1009 4704 1013 4711 ·
1237 4682 1270 4692 ·“
1411 4663 1554 4745 amiton
