4159 5142
592 436 826 515 vinculus
852 408 903 513 nt
931 440 1113 536 Junnn.
1468 436 1540 537 ιη’

166 594 281 666 Primo
294 588 441 685 quidem
449 589 636 685 generatim
645 588 691 663 est
700 585 974 671 observandum,
999 586 1162 664 finterunt
1173 612 1210 661 ac
1244 584 1538 681 tudenshujusrei

166 684 657 786 juditiumex'tircumllantiie
670 689 836 783 pendere,
863 713 1010 785 quarum
1021 687 1197 763 nonnullae
1209 612 1326 763 sdltern
1335 691 1386 760 uti
1398 714 1462 762 nor
1473 688 1538 759 ho-

146 796 150 801 ’
167 792 220 862 die
231 788 367 870 latent,
395 789 569 861 itaomnet
580 784 656 880 ipsrs
673 787 813 859 fuerunt
830 785 1106 881 perspectissrmae.
1159 794 1266 861 Porro
1282 788 1538 886 ingensrnulto·

170 914 244 963 tunt
253 885 410 961 millium
421 887 534 967 turba,
548 885 616 984 legi
625 883 786 960 Mosaicae
795 883 1035 970 additurum,
1049 885 1088 960 dt
1098 884 1350 960 malevolorum
1360 886 1538 961 calumniis

170 984 323 1066 nunna,
348 980 540 1080 sequiorem
558 988 602 1057 de
615 985 710 1058 Pauli
726 984 910 1059 ministerio
926 981 1147 1081 suspicionem
1163 984 1327 1071 fovebat3
1351 1006 1457 1081 quarn
1467 988 1539 1059 evi-

170 1088 260 1159 denti
269 1111 309 1157 ac
319 1082 562 1177 fetepalpabili
571 1107 774 1181 argumento
785 1086 907 1158 animis
918 1082 1067 1179 ipsorum
1078 1088 1186 1160 eximi
1197 1086 1399 1179 oportebat,
1420 1110 1461 1157 ne
1470 1110 1539 1156 cte·

170 1186 302 1257 deretur
313 1179 477 1256 Mosaicae
488 1184 572 1280 legis
580 1204 773 1256 contemtor
784 1177 858 1257 else.
906 1184 1024 1265 Adde,
1055 1184 1151 1282 quod
1164 1179 1416 1277 Hierosolymae
1430 1182 1539 1257 multa

171 1282 340 1356 habebant
351 1284 578 1355 invitamenta
589 1284 632 1355 ad
641 1279 818 1355 servandas
835 1280 920 1378 legis
933 1285 1135 1358 cerimonias
1149 1309 1160 1370 3
1182 1282 1350 1376 templum
1361 1285 1539 1361 nimitum,

173 1402 356 1478 totumque
365 1378 590 1454 sacrificorum
601 1378 882 1457 &sacrificiorum
892 1380 1116 1477 choragium,
1143 1384 1389 1479 quaequotidie
1406 1376 1540 1475 ipfisob

175 1481 291 1554 oculos
318 1478 539 1553 versabantur
554 1504 566 1563 3
582 1502 631 1569 ,ut
652 1485 761 1570 major
776 1474 854 1553 esset
870 1477 1043 1553 excusatio
1072 1480 1094 1554 fi
1115 1484 1245 1555 tardius
1270 1507 1324 1554 eas
1343 1478 1540 1553 desererent.

176 1581 305 1653 Deinde
316 1600 436 1653 totum
447 1576 515 1651 fere
525 1602 648 1671 corpus
660 1576 811 1653 Ecclesiae
820 1577 1145 1674 Hierosolymitanae
1156 1580 1380 1655 constabatex
1393 1580 1540 1677 Judaeis3

178 1682 337 1753 utminus
347 1674 998 1775 periculumelserascandalogentium.
1026 1686 1121 1753 Nam
1133 1682 1167 1753 in
1179 1679 1254 1751 aliis
1264 1680 1460 1777 regionibus
1470 1676 1541 1749 haet

176 1770 493 1851 disceffioniscaulla
507 1801 590 1858 etat,
610 1779 708 1873 quod
720 1773 781 1849 suo
794 1774 936 1873 quisque
951 1781 1039 1851 mori
1052 1780 1206 1854 addictur
1218 1779 1329 1876 legent
1339 1776 1413 1851 aliis
1431 1779 1543 1873 impo·
1566 1792 1573 1800 “

178 1902 251 1950 nete
266 1878 453 1951 nitebatur.
502 1882 610 1949 Porro
624 1902 694 1950 non
705 1876 846 1959 constat,
863 1878 1034 1973 Jacobum
1047 1882 1083 1953 ὃ(
1094 1876 1238 1953 seniores
1246 1876 1361 1951 zelum
1370 1876 1470 1950 illurn
1478 1878 1543 1949 int·

179 1976 394 2049 moderatum
403 1971 610 2069 approbasse,
625 1971 833 2049 eivefavilse.
878 1979 1049 2075 Quamvis
1061 1981 1151 2052 eninr
1165 1998 1276 2072 aperte
1286 2004 1356 2051 non
1366 1978 1541 2053 damnent.

181 2100 286 2169 neque
297 2070 448 2171 asperius
457 2074 501 2147 de
511 2100 553 2148 eo
562 2096 836 2170 conquerantur,
861 2074 1108 2171 quiatamense
1123 2072 1273 2172 separant
1285 2077 1328 2149 ab
1341 2075 1482 2148 illorum
1494 2072 1543 2146 af·

180 2172 278 2253 setin,
292 2180 394 2247 tacite
403 2178 551 2247 innuunt
559 2200 639 2247 eum
648 2172 706 2247 srbi
717 2200 787 2248 non
801 2175 991 2247 admodum
1001 2177 1152 2275 placere„
1169 2173 1360 2248 Etsrautenr
1374 2176 1459 2244 vitio
1473 2198 1544 2244 non

183 2274 310 2346 carebat
318 2272 502 2357 zelus-iste,
520 2277 651 2347 curatio
659 2296 787 2353 tamen,
807 2272 1016 2353 utdifficilir‚
1033 2270 1236 2355 tamsubita,
1250 2276 1363 2346 minus
1376 2271 1542 2351 violenta,

183 2368 318 2445 essenon
330 2375 460 2468 potuit.
519 2376 677 2468 Denique
690 2372 842 2446 auctoret'
864 2371 971 2447 Paulo
989 2399 1058 2447 non
1077 2371 1156 2446 sunt
1171 2374 1362 2469 quidquam
1384 2370 1542 2451 faciendi,

183 2472 458 2641 puodautanimi
469 2464 519 2545 sui
529 2471 701 2568 religioni,
713 2494 775 2545 aut
785 2468 1013 2545 dodrinaease
1021 2475 1429 2567 ptaedicataetontrarium
1439 2470 1545 2554 foret,

195 2569 490 2651 adsolumnrodo,
517 2594 558 2643 ut
569 2569 687 2669 insigni
703 2571 822 2666 aliquo
833 2571 993 2666 exemplo
1003 2570 1148 2649 dilueret
1161 2572 1345 2646 calumnias
1356 2566 1546 2643 malevolo-

186 2692 255 2741 rum
268 2716 278 2750 ‚
307 2666 403 2766 quali
416 2668 482 2765 ipse
492 2666 658 2744 Mosaicas
667 2696 722 2743 eae
732 2670 822 2769 leges
831 2660 1087 2754 contemneret,
1116 2674 1154 2747 &
1164 2666 1356 2767 apostasranr
1369 2669 1558 2763 aprincipe·

186 2768 585 2862 Prophetarumdotetet.
612 2778 706 2842 Nam
716 2769 860 2843 utinihil
871 2769 996 2843 horum
1009 2792 1222 2851 verumerat,
1234 2770 1328 2842 ita&
1340 2766 1434 2840 Pauli
1446 2762 1547 2859 ipstua

187 2870 358 2963 totiusque
371 2865 700 2948 ecclesraeinteretat‚
730 2866 1324 2963 utillhacsesuspicioneexsolveret.

231 2970 291 3039 VI.
320 2976 436 3062 Atque
447 2971 492 3040 ita
514 2996 535 3042 a
558 2966 746 3040 senioribus
770 2970 813 3040 ad
827 2966 934 3061 ipsum
945 2967 1091 3042 Paulum
1113 2970 1223 3042 oratio
1241 2964 1352 3040 nostra
1364 2964 1547 3037 delabitur.
1558 2969 1610 3027 VL
1631 2962 1718 3024 Ethic

189 3067 754 3165 Cujutingenuitascandidiffima‚
782 3069 954 3140 &invida
971 3067 1180 3146 constantia,
1200 3083 1400 3161 tortamque
1413 3062 1551 3158 praecla·
1587 3096 1591 3103 ·

189 3164 231 3234 tit
241 3166 407 3261 exemplis
423 3164 633 3246 confirmata,
652 3192 694 3239 ne
704 3164 759 3236 hic
770 3168 910 3261 quidem
924 3162 1034 3261 ipsum
1050 3166 1214 3239 destituit.
1243 3170 1416 3239 Caeterum
1429 3166 1478 3235 uti
1494 3188 1550 3234 co·

190 3258 632 3358 lumbinantfimplicitatem
649 3266 696 3336 ita
718 3268 755 3338 &
775 3262 997 3359 serpentinam
1015 3266 1230 3358 prudentiam
1242 3261 1551 3431 Christomapgistro

191 3358 360 3438 diditerat.
405 3370 489 3437 Non
501 3369 616 3437 omnia
630 3367 726 3435 omni
739 3367 884 3457 tempori
902 3388 939 3455 ac
951 3364 1029 3436 loco
1051 3390 1147 3461 aeque
1163 3366 1399 3438 convenientia
1413 3389 1430 3433 e
1443 3388 1474 3461 ‘e
1489 3385 1553 3431 no-

193 3480 255 3531 tat:
276 3459 370 3535 suam
383 3485 421 3534 ut
430 3462 618 3557 loquendi,
645 3466 691 3535 ita
705 3464 905 3541 &tacendi‚
934 3460 995 3535 esse
1011 3467 1304 3557 oportunitatem:
1332 3458 1555 3532 tribuendum

193 3554 314 3653 aliquid
324 3557 467 3635 consilio
475 3561 698 3655 prudentum,
719 3564 822 3635 etiam
832 3560 1020 3634 infirmitati
1031 3561 1193 3652 fratrum,v
1209 3554 1423 3657 praesertimsr
1437 3580 1557 3629 nume·

194 3679 230 3726 to
250 3659 387 3752 plurimi
404 3657 490 3733 srnt:
514 3658 600 3733 nihil
622 3662 763 3754 quidem
779 3659 1058 3735 disiimulandum
1081 3665 1115 3733 in
1137 3660 1372 3755 praejuditium
1390 3658 1556 3736 veritatis,

194 3748 488 3855 sedexspettandas
498 3760 706 3855 quandoque
721 3762 996 3853 oportunitates,
1022 3760 1149 3852 quibus
1166 3785 1203 3831 ea
1213 3762 1345 3850 majore
1354 3780 1432 3829 curn
1445 3752 1558 3827 stultu

195 3850 299 3929 doceri
315 3860 432 3957 polsrt.
484 3866 536 3931 lta
545 3882 628 3956 ergo
641 3855 673 3930 se
686 3857 880 3931 voluntaria
892 3853 1097 3948 subjectione
1109 3858 1252 3929 rudibus
1271 3860 1308 3931 δε
1326 3857 1441 3927 minut
1451 3852 1559 3947 probe

196 3952 313 4029 edoctis
330 3955 648 4037 insinuatestuduit‚
667 3952 893 4050 utprodellet.
939 3962 1035 4029 Nam
1044 3954 1144 4029 semel
1156 3950 1505 4029 admissuscommode
1515 3952 1560 4025 ad
1733 4034 1739 4047 ι

175 4054 438 4130 ,moderandum
450 4055 551 4128 illum
562 4054 676 4129 zelum
687 4052 860 4129 transtiset.
907 4060 1075 4153 Magnam
1084 4078 1167 4153 ergo
1179 4054 1316 4129 laudem
1327 4074 1474 4127 meretur
1484 4055 1559 4143 ejus
1636 4074 1639 4081 ’

198 4142 398 4236 humanitas,
411 4157 509 4251 quod
521 4180 592 4228 non
606 4157 713 4227 modo
726 4159 761 4227 in
771 4158 916 4253 gratiam
927 4158 1094 4250 impetitae
1107 4156 1215 4248 plebis
1230 4157 1374 4231 comitet
1388 4149 1419 4226 se
1437 4150 1561 4223 demit-

200 4246 260 4335 tit3
283 4250 521 4328 sed&eorum
531 4252 720 4327 infirmitati
729 4278 860 4326 morem
868 4258 969 4353 gerit,
994 4255 1121 4350 quibus
1132 4256 1445 4353 indigne&contra
1458 4251 1562 4322 ratio-

200 4368 272 4421 uem
287 4350 452 4447 suspestus
468 4351 592 4427 fuerat.
628 4360 753 4449 Neque
762 4377 807 4427 ex
816 4375 943 4426 eventu
951 4354 996 4428 de
1008 4355 1162 4427 bonitate
1173 4374 1233 4426 aut
1244 4353 1373 4427 malitia
1390 4353 1564 4425 actionum

202 4440 483 4538 elsejudicandunr
493 4453 730 4547 prudentiores
747 4478 867 4524 omnes
878 4449 1029 4526 sciscunt.
1058 4460 1110 4525 Ita
1123 4447 1566 4526 enimconcludendumso·

204 4564 270 4627 ret,
296 4546 496 4645 drsplituisse
504 4555 582 4625 Deo
595 4547 770 4627 servorum
782 4547 922 4629 snorum
930 4556 1136 4659 repperiet,
1163 4578 1266 4651 quam
1281 4550 1483 4652 plerumque
1494 4574 1572 4620 rna*

254 4652 408 4738 Meleton
425 4652 516 4729 neit.
774 4684 779 4691 ’
949 4656 976 4725 Ρ
1074 4737 1083 4743 ,
1460 4650 1565 4723 ximir
