4159 5142
994 428 1110 516 84
1477 423 1822 495 ssscrro
1878 424 2078 495 vm.
2187 417 2317 494 οε
2370 426 2488 494 ns
2540 422 2772 521 QJAE
2821 359 2880 494 Α
2933 423 3263 498 PAULO

1004 553 1656 675 rroedffianno'tavit
1670 563 1986 655 Erasmus,
2004 557 2454 657 compositam
2469 558 2593 635 effe
2608 590 2696 634 ex
2716 555 2881 651 νεῶς,
2902 548 3093 659 quod
3116 566 3342 637 Attice
3351 560 3546 637 sonat
3570 583 3779 637 tem-

1003 665 1229 759 plum,
1267 667 1341 737 &
1361 666 1729 777 xoggpurgo
1752 659 1886 735 five
1900 688 2116 742 verro,
2142 663 2534 735 auctoribus
2553 658 2926 755 Hesychio,
2956 662 3471 760 Etymologico‚
3492 667 3574 736 &
3591 668 3777 737 Sui-

938 847 942 854 Δ
1002 765 1116 839 da.
1173 766 1449 857 Proprie
1464 787 1626 861 ergo
1652 784 1845 835 notat
1860 761 2204 851 ejusmodi
2223 760 2752 856 ministrum‚qui
2778 763 3034 856 templo
3053 763 3452 843 evertendo,
3480 766 3563 835 &z
3584 788 3777 857 pur-

1001 863 1235 962 gando
1256 886 1533 957 operam
1555 859 1741 934 suam
1772 862 2132 955 impendit.
2219 861 2438 960 Qod
2456 886 2664 954 porro
2697 861 2783 932 ad
2802 887 2921 935 eos
2953 860 3298 935 transferri
3319 861 3529 955 potest
3553 910 3583 942 ,
3626 864 3771 958 qui

1001 980 1259 1036 numen
1279 960 1453 1032 illud
1475 963 1583 1033 cui
1603 962 1904 1033 dicatum
1925 958 2017 1032 est
2036 958 2373 1054 templum
2397 958 2636 1056 insigni
2663 959 2989 1059 religione
3006 981 3431 1033 venerantur.
3519 963 3776 1036 Unde

997 1082 1206 1133 vetus
1227 1062 1555 1154 interpres
1579 1051 1878 1171 νεωκέςον
1899 1061 2217 1132 cultricem
2245 1061 2468 1130 vertit.
2523 1063 2776 1131 Verum
2796 1086 2882 1132 ex
2916 1057 3466 1153 Inscriptionibus
3479 1060 3776 1132 deinde

993 1158 1419 1256 collegerunt
1437 1162 1569 1231 viri
1588 1159 2009 1232 eruditiffimi
2036 1204 2057 1238 ‚
2103 1160 2299 1230 urbes
2315 1155 2640 1252 quasdam
2665 1162 2948 1231 Graeciae
2968 1156 3306 1271 Νεωκέςων
3327 1158 3557 1256 elogio
3586 1158 3780 1232 infi-

988 1262 1219 1358 gnitas
1238 1254 1430 1331 fuiffe
1453 1260 1545 1329 ob
1566 1258 1771 1330 ludos
1797 1260 1867 1329 in
1904 1257 2238 1329 honorem
2263 1259 2566 1330 numinis
2589 1256 2876 1349 alicujus
2898 1260 3148 1333 editos.
3206 1261 3313 1328 Sic
3340 1261 3406 1330 in
3431 1284 3779 1336 marmo-

989 1360 1182 1433 ribus
1208 1357 1689 1431 Arundelianis
1711 1403 1731 1436 ‚
1791 1359 1865 1428 &
1888 1360 1955 1427 in
1982 1360 2286 1428 nummis
2313 1352 2482 1451 saepe
2506 1383 2524 1427 ε
2576 1359 2740 1428 utin
2761 1356 2887 1429 illo
2911 1404 2932 1436 ‚
2975 1357 3368 1452 Μαγνησῖων
3415 1351 3780 1468 νεωκέςω
3858 1455 3865 1457 .

990 1448 1433 1553 Aoi-susal&
1468 1460 1542 1530 δί
1565 1460 1634 1529 in
1658 1455 1828 1534 allo,
1863 1454 2156 1555 ἑφεσῖων
2178 1450 2286 1542 dte
2315 1445 2511 1532 veoexo'
2547 1488 2651 1540 m,
2676 1458 2798 1533 mi
2818 1459 2933 1547 τῆς
2956 1456 3016 1533 A'
3097 1451 3387 1553 ἔμιδῷυ.
3439 1458 3546 1527 Ad
3571 1479 3770 1550 quae

989 1538 1333 1639 G’rotius3
1374 1555 1469 1628 bis
1508 1548 1797 1665 νεωκέξοι
1829 1575 2129 1629 vocantur
2152 1554 2432 1649 Ephesii,
2483 1582 2518 1627 ο
2573 1552 2673 1627 bis
2709 1560 2903 1629 editos
2935 1556 2960 1627 l
3041 1581 3106 1628 os
3138 1560 3203 1625 in
3234 1557 3513 1628 honorem
3531 1555 3775 1645 Casa-

987 1660 1114 1738 ris,
1139 1660 1363 1729 Dianae
1376 1673 1584 1726 autem
1596 1673 1947 1749 perpetuos.
1995 1652 2266 1725 Confer
2289 1657 2567 1726 Petitmn
2586 1654 2657 1725 V
2649 1658 2927 1726 ariarmn
2942 1653 3294 1726 Lemonum
3311 1653 3458 1749 Cap.
3488 1679 3604 1726 xx
3624 1678 3655 1727 1
3672 1683 3769 1731 x·

987 1760 1151 1829 Hoc
1170 1755 1380 1851 igitur
1401 1751 1959 1844 vultScriba,prae
1978 1754 2303 1825 omnibus
2326 1748 2497 1823 Afiae
2518 1751 2800 1824 urbibus
2821 1748 3156 1845 Ephesum
3184 1755 3251 1823 in
3271 1752 3456 1823 cultu
3475 1754 3774 1827 Dianae

987 1846 1365 1930 eminuisse,
1401 1854 1473 1924 &
1492 1848 1780 1944 superbo
1798 1856 1946 1942 ejus
1972 1857 2138 1924 Deae
2160 1850 2450 1943 templo,
2488 1855 2621 1923 vn
2647 1852 2890 1924 mundi
2917 1851 3262 1924 miraculis
3279 1876 3774 1927 annumeran-

987 1953 1088 2024 do
1108 1998 1129 2033 ‚
1185 1944 1377 2023 fui'ss‘e
1396 1951 1827 2035 decoratam5
1868 1951 2075 2043 idque
2113 1946 2232 2022 fibi
2270 1947 2598 2047 singulare
2635 1948 2878 2022 habere
2899 1952 3093 2044 quod
3116 1953 3575 2023 concreditum
3614 1951 3768 2047 ipsi

986 2046 1143 2125 effet
1164 2043 1240 2129 rei
1258 2039 1565 2135 διοπετὲς
1579 2099 1603 2133 ,
1650 2075 1690 2119 α
1711 2052 1889 2143 Jove
1918 2049 2222 2145 delapsum
2241 2048 2636 2140 simulacrum
2651 2076 2674 2120 .·
2720 2045 3253 2147 subintelligitur
3272 2054 3449 2122 enim
3472 2041 3764 2150 372³&-

986 2185 1123 2245 μοι,
1216 2153 1377 2222 Fuit
1401 2146 1830 2221 fimulacrum
1848 2150 2096 2221 Dianae
2118 2194 2141 2230 ,
2183 2147 2377 2243 quod
2399 2146 2716 2220 nonnulli
2746 2147 3022 2223 ebenium
3042 2194 3066 2230 ‚
3124 2152 3485 2222 Mucianus
3501 2155 3578 2223 vi
3628 2156 3645 2170 “
3689 2158 3759 2222 i·

987 2276 1195 2331 neum,
1231 2251 1591 2322 Vitruvius
1604 2253 1940 2327 cedrinum,
1965 2245 2361 2343 Xenophon
2382 2268 2612 2321 autem
2633 2273 2775 2321 non
2797 2273 2886 2321 ex
2907 2247 3056 2320 ullo
3075 2247 3270 2343 ligno
3295 2248 3573 2328 factum,
3653 2250 3766 2322 ed

986 2373 1246 2422 aurem»
1264 2343 1454 2421 fuiss‘e
1469 2348 1778 2420 tradidit.
1860 2354 2244 2443 Nunquam
2270 2368 2614 2420 mutatum
2631 2343 2820 2422 fuifl'e
2840 2346 3115 2428 dicitur,
3153 2350 3471 2444 quamvis
3484 2342 3767 2439 septies

987 2446 1303 2520 restituto
1320 2446 1645 2539 Templo.
1700 2446 2149 2526 Credebatur,
2179 2472 2319 2518 non
2341 2444 2663 2518 humanae
2676 2450 2838 2518 artis
2855 2470 3033 2541 opus
3053 2441 3206 2527 else,
3234 2443 3345 2521 sed
3361 2473 3397 2519 e
3417 2445 3592 2518 coelo
3608 2448 3768 2521 de-

987 2540 1253 2639 lapsum
1278 2571 1302 2630 3
1358 2547 1460 2617 uti
1486 2549 1963 2617 Romanorum
1998 2546 2244 2617 Anc1‘le.
2300 2547 2643 2642 Qamvis
2659 2550 3017 2627 Mucianus,
3041 2547 3223 2640 apud
3241 2550 3543 2626 Plinium,
3589 2552 3762 2621 De-

989 2650 1263 2719 mom'con
1289 2644 1592 2740 aliquem
1608 2642 1796 2715 illius
1828 2639 2148 2715 artificem
2166 2638 2358 2716 fuiffe
2385 2642 2683 2719 testetur.
2733 2646 2894 2716 Sine
2924 2644 3144 2719 dubio
3175 2647 3340 2741 quia
3365 2645 3762 2719 fabricatio

995 2747 1142 2836 ejus
1162 2769 1439 2817 omnem
1457 2745 1864 2816 ‘memoriam
1882 2742 2277 2823 excedebat,
2316 2741 2688 2816 sacerdotes
2712 2744 3005 2816 credulae
3027 2742 3213 2838 plebi
3230 2738 3752 2839 persuaserunt,

849 2910 852 2913 ,
997 2870 1037 2916 e
1052 2843 1226 2915 coelo
1248 2840 1657 2939 prolapsum.
1726 2850 1971 2935 Neque
1990 2841 2304 2915 favorem
2335 2842 2592 2936 populi·
2609 2845 3084 2916 commodiore
3101 2841 3223 2917 sibi
3240 2842 3539 2917 sermone
3559 2870 3758 2919 con-

998 2942 1228 3014 ciliare
1248 2965 1513 3036 poterat
1547 2937 1785 3021 scriba,
1816 2966 2029 3034 quam
2050 2938 2513 3019 asseverando,
2550 2945 2782 3014 omnia
2803 2942 2920 3015 ista
2940 2965 3080 3015 tam
3103 2945 3439 3018 evidentis
3455 2969 3527 3015 ac
3559 2969 3762 3018 con-

882 3099 889 3106 .
997 3036 1177 3113 feffae
1199 3044 1501 3114 veritatis
1522 3035 1676 3120 effe,
1714 3059 1791 3111 ut
1805 3042 2188 3115 contradici
2211 3061 2521 3135 nequeat.
2611 3048 2685 3112 N
2689 3067 2781 3113 on
2803 3037 2927 3115 effe
2943 3066 3111 3138 ergo
3132 3068 3274 3115 rem
3299 3067 3452 3137 quae
3475 3045 3541 3114 in
3561 3069 3760 3117 con.

999 3136 1395 3236 troversiam
1418 3141 1656 3213 debeat
1675 3144 1929 3214 vocari.
1981 3147 2208 3235 Atque
2228 3167 2313 3212 eo
2333 3142 2716 3212 orationem
2731 3141 3020 3238 dirigere
3038 3143 3337 3224 videtur,
3369 3137 3547 3237 quasi
3576 3166 3757 3236 per-

995 3234 1261 3311 suasum
1280 3237 1459 3331 plebi
1493 3239 1700 3311 vellet
1715 3286 1742 3320 ,
1792 3265 1876 3311 ne
1898 3241 2190 3311 Paulum
2209 3240 2492 3333 quidem
2513 3264 2668 3311 cum
2690 3242 3059 3314 comitibus
3077 3238 3210 3313 suis
3245 3263 3480 3314 contra
3494 3239 3753 3336 dispu-

996 3361 1137 3411 tare
1156 3365 1179 3409 ε
1214 3360 1417 3434 negat
1434 3332 1583 3409 sane
1601 3334 1956 3434 sacrilegos
1971 3336 2122 3418 effe,
2182 3342 2256 3411 &
2273 3344 2445 3411 recte
2471 3366 2490 3409 ε
2544 3364 2703 3411 nam
2723 3366 2808 3411 ne
2822 3342 3240 3441 intraverant
3255 3342 3533 3434 quidem
3550 3361 3752 3414 tem-
3820 3428 3829 3435 ⁶

908 3454 914 3461 “
990 3436 1221 3534 plum.
1267 3444 1496 3534 Negat
1524 3438 1727 3508 etiam
1760 3433 2291 3510 contumeliosos
2308 3432 2499 3509 fuisse
2515 3439 2588 3510 in
2605 3442 2826 3534 Deam
2847 3436 3150 3532 ipsorum
3173 3465 3197 3524 3
3251 3444 3326 3516 δι
3349 3439 3479 3511 hoc
3502 3446 3686 3513 reete
3707 3467 3745 3528 3

989 3534 1042 3611 Β
1061 3561 1178 3630 per
1194 3535 1638 3609 contumelias
1653 3533 1997 3632 intelligat
2011 3534 2334 3617 ludicras,
2350 3536 2727 3617 indecoras,
2753 3537 3077 3631 profanas
3095 3541 3397 3634 putatitii
3415 3542 3764 3613 numinis-

990 3633 1460 3709 insectationes
1480 3682 1507 3717 ,
1561 3660 1718 3731 quae
1752 3631 1905 3709 sane
1935 3637 2028 3708 ab
2041 3634 2426 3730 Apostolica
2447 3637 2781 3732 gravitate
2796 3637 3012 3731 longe
3037 3636 3293 3732 semper
3315 3638 3735 3713 abfuerunt.

992 3743 1164 3807 Inte-:n
1184 3741 1275 3807 im
1300 3762 1531 3807 verum
1553 3757 1698 3809 erat
1716 3735 1910 3830 quod
1931 3736 2473 3831 conquerebatur
2487 3738 2907 3817 Demetrius,
2928 3738 3304 3811 constanter
3316 3763 3437 3811 eos
3448 3737 3742 3812 docuis-

992 3835 1076 3915 se,
1120 3863 1252 3907 nnn
1284 3832 1404 3907 effe
1428 3860 1558 3929 pro
1577 3840 1734 3909 Deo
1756 3834 2176 3916 habendum,
2203 3835 2396 3929 quod
2414 3834 2714 3909 humana
2729 3834 3174 3909 fabrefactum
3190 3833 3269 3909 fit
3294 3863 3534 3921 manu.
3586 3840 3736 3913 Sed

988 3933 1196 4007 scriba
1216 3932 1422 4007 stenae
1441 3932 1672 4016 servit,
1721 3938 1797 4007 id
1814 3960 2031 4010 unum
2046 3934 2467 4016 allaborans,
2497 3956 2576 4005 ut
2598 3933 2865 4007 blandis
2878 3939 3074 4009 distis
3096 3935 3391 4010 mulceat
3417 3939 3733 4021 animm,

984 4035 1116 4107 leni
1132 4059 1196 4107 at
1220 4043 1480 4127 pastura
1500 4080 1521 4115 ‚
1574 4038 1652 4106 δε
1668 4057 2081 4128 quocunque
2122 4035 2396 4107 tandem
2429 4034 2646 4106 modo
2668 4032 3044 4128 periculoso
3070 4036 3401 4109 tumukui
3420 4032 3736 4110 sedando

984 4139 1219 4207 efficax
1244 4135 1545 4205 inveniat
1560 4133 1966 4206 remedium.
2045 4135 2263 4230 Qod
2282 4136 2356 4207 δε
2377 4129 2728 4207 artificiosa
2758 4138 3067 4209 oratione
3081 4131 3201 4209 sua
3219 4130 3548 4211 assecutus
3578 4135 3677 4210 est
3697 4163 3724 4212 t

988 4235 1413 4327 Paulumque
1443 4257 1600 4303 cum
1615 4226 1811 4302 sociis
1837 4227 2147 4324 praesenti
2164 4233 2375 4304 rabiei
2395 4236 2680 4306 exemit.
3622 4277 3632 4284 ·

627 4343 836 4423 nrm:
883 4347 960 4395 a-
1084 4339 1212 4403 xv
1228 4340 1344 4403 111.
1400 4336 1744 4403 Ηειᾶετωε
1784 4337 1996 4403 Lucae
2013 4329 2223 4418 filum
2268 4329 2471 4405 secuti
2502 4327 2735 4405 sumus
2783 4337 2852 4405 in
2896 4335 2979 4405 iis
3020 4328 3455 4428 exponendis
3491 4359 3654 4429 quae
3677 4360 3727 4408 a

627 4415 908 4527 Pflllffljffl
975 4431 1200 4519 Paulo
1216 4435 1400 4523 apud
1413 4426 1753 4524 Ephesum
1770 4430 1953 4529 gesta
1968 4421 2158 4504 sunt.
2263 4440 2474 4505 Nunc
2491 4436 2566 4507 &
2586 4458 2665 4505 ea
2689 4454 3204 4528 comportemus
3221 4480 3248 4514 ‚
3276 4458 3435 4529 quae
3458 4435 3723 4528 proba·-

627 4495 719 4563 T'
764 4531 767 4534 ’
1072 4531 1240 4609 “ius
1272 4530 1657 4625 sationibus
1692 4530 1973 4618 aliunde
2009 4528 2249 4633 colligi
2289 4528 2565 4637 poliunt
2583 4579 2610 4619 2
2671 4525 2922 4611 eodem
2970 4555 3279 4631 tempore
3328 4526 3708 4707 coutigsiffe·
3731 4598 3756 4614 ..

2284 4685 2290 4694 .
2329 4689 2337 4696 .
2839 4684 2842 4687 «
3586 4650 3717 4709 unt
