4159 5142
435 466 439 471 ·
500 457 753 540 senonum
792 459 1324 538 nnnosonvnnmnnu.
1553 480 1597 553 ς.

203 624 334 679 narret
349 600 556 700 Apostolos:
582 578 744 702 quamlis
753 606 788 678 in
799 607 898 678 tertia
908 597 1050 698 persona
1061 597 1196 684 scribat,
1229 603 1355 676 &eum
1367 561 1600 676 hominem'de

204 700 530 803 quoagitaseipso
539 705 743 802 distinguere
755 706 915 802 videatur
923 726 1011 778 vers.
1027 721 1060 792 5.
1088 705 1212 776 Cuivis
1222 704 1314 776 enim
1323 695 1430 797 paler,
1442 700 1509 774 hoc
1522 727 1599 774 mo-

206 804 336 879 delliae
345 799 455 878 caulla
467 804 512 877 ab
521 803 690 898 Apollolo
702 803 787 887 lieri,
811 807 942 880 vitante
952 798 1060 900 quast,
1088 801 1422 898 quantumpoteest',
1445 827 1483 874 ac
1497 805 1597 896 trepi-
1684 863 1688 884 ,
1743 823 1747 831 ·

108 892 112 904 ’
207 905 443 978 dantedicere
454 949 466 986 ,
491 927 569 999 quae
590 901 652 976 fibi
664 928 863 978 evenerunt.
904 903 973 975 Sed
986 898 1233 1000 &agnoscente
1250 901 1320 978 tale
1338 903 1374 974 id
1393 923 1598 996 tantumque

202 999 331 1085 fuill'e,
349 1025 389 1076 ut
401 1001 591 1076 humanam
602 998 726 1078 sortem
743 1029 781 1076 ac
789 1005 1024 1076 conditionem
1035 999 1214 1076 servorum
1226 1003 1292 1076 Dei
1304 995 1598 1096 inhaeretrapro·

205 1103 413 1200 pemodum
421 1098 602 1197 superaret.
630 1108 724 1176 Nam
736 1122 844 1199 raptus
852 1104 932 1182 fuit,
945 1105 1075 1174 virtute
1087 1102 1152 1174 Dei
1162 1123 1284 1197 praeter
1297 1123 1427 1174 naturae
1438 1101 1596 1174 ordinem
1633 1169 1636 1178 ,
1726 1161 1729 1164 .

204 1205 266 1276 ita
281 1202 448 1283 elevatus,
469 1223 508 1272 ut
518 1202 658 1276 homine
667 1199 848 1277 sublimior
858 1228 897 1274 ea
907 1224 985 1297 quae
1000 1201 1183 1274 mortalem
1193 1203 1427 1276 conditionem
1438 1197 1598 1295 superant

205 1300 343 1383 oculis,
356 1302 511 1381 autibus,
525 1303 644 1374 animo
654 1298 812 1397 hauserit.
856 1306 990 1396 Raptus
1004 1323 1121 1374 autem
1133 1305 1167 1373 in
1179 1301 1311 1376 tertiusn
1320 1301 1540 1398 nsqueeoelron,
1555 1301 1596 1374 in

203 1389 413 1490 Paradisum
439 1417 442 1422 ·
456 1405 536 1473 Hoc
546 1400 630 1495 ,nost
641 1407 779 1474 Veteres
787 1399 960 1498 quosdam·
974 1399 1109 1494 Dtufius
1121 1403 1158 1474 &
1170 1405 1301 1475 Grotius
1318 1425 1363 1476 ex
1377 1401 1534 1473 Hebraeis
1547 1401 1596 1473 ita

204 1499 455 1599 distinguunt,
479 1522 520 1573 ut
534 1503 641 1574 coelmn
657 1496 816 1599 significet
823 1502 861 1573 id
869 1502 966 1597 quod
978 1501 1194 1594 promittitur
1211 1501 1277 1593 piis
1286 1499 1362 1596 poll
1383 1495 1595 1572 resurrefiio-

206 1618 322 1685 nern3
348 1600 529 1690 Paralum.
555 1601 652 1694 quod
661 1599 737 1694 poll
749 1623 897 1673 mortem
906 1623 985 1674 ante
993 1595 1296 1673 resurrelttionem.
1343 1599 1397 1675 Ut
1405 1600 1496 1671 dicat
1509 1603 1595 1670 Pau·

206 1699 294 1782 tus,
314 1702 468 1794 primum
482 1695 541 1772 sibi
555 1695 680 1772 ostenss
692 1695 910 1798 eliegaudia,
937 1723 1018 1794 quae
1026 1695 1592 1794 resurreccionem'consequentur:

205 1799 298 1872 dein
312 1813 433 1886 netem
442 1799 546 1896 longa
554 1794 803 1894 exspectatione
819 1802 966 1873 nimium
976 1801 1179 1872 cruciaretur
1194 1800 1353 1880 animus,
1381 1800 1531 1874 eaetiam
1540 1793 1617 1871 so·l

206 1897 313 1979 latia,
331 1893 625 1995 quaeipfismoxa
642 1921 753 1972 morte
765 1901 1005 1973 concedentur.
1034 1899 1261 1994 Atquidquid
1273 1899 1415 1973 Hebraei
1432 1894 1591 1978 sentiant,

182 2081 190 2098 ι
209 2023 290 2070 non
297 1999 481 2071 didicimus
490 1997 588 2071 illam
605 1997 908 2080 distinctionemex
920 1996 1105 2095 scripturis.
1149 2004 1189 2072 ln
1204 1999 1332 2094 quibus
1342 1993 1521 2072 Paradisus
1537 2019 1593 2090 ty·

183 2095 442 2190 ‘puscoelielle
468 2098 694 2180 uniusilliue,
716 2099 775 2170 ubi
786 2101 936 2192 primum
946 2097 1115 2191 juliorum
1127 2101 1250 2170 animae
1261 2097 1488 2196 colligendae,
1512 2096 1592 2168 dein
1661 2100 1667 2112 '
1741 2088 1750 2097 ’

208 2200 418 2292 &corpora
452 2201 683 2269 'Porro-tanta
698 2197 766 2270 fuit
786 2201 947 2291 rapientis
969 2199 1118 2292 Spiritus
1128 2196 1362 2270 vehementia:
1385 2219 1424 2270 ut
1445 2197 1593 2268 dubium
1624 2274 1628 2283 ,

209 2292 386 2391 ipsrfuerit
398 2341 411 2379 ,
438 2319 481 2368 an
495 2293 1495 2392 solacellaticarepraesentationeincoelumluerittranelatua,
1525 2289 1608 2388 line·
1633 2339 1654 2353 -ι

207 2393 282 2467 ulla
293 2395 365 2491 loci
377 2398 584 2478 mutatione,
599 2416 671 2468 tam
680 2396 932 2491 quoadcorpus
942 2417 1051 2491 quam
1063 2395 1181 2490 quoad
1191 2395 1366 2482 auimam3
1393 2417 1436 2468 an
1450 2417 1596 2468 verono-

205 2493 289 2567 lista
310 2517 398 2569 terra
413 2496 459 2569 ed
475 2492 609 2590 superae
627 2490 720 2580 sedec
741 2493 846 2567 fuerit
859 2501 1094 2568 transvectus:
1123 2513 1226 2588 arque
1235 2495 1271 2568 id
1290 2490 1452 2569 stfaCtum
1462 2487 1522 2575 lit,
1549 2517 1594 2568 an

208 2597 393 2692 contigerit
406 2590 467 2668 fibi
479 2595 908 2691 corporecemimajunrtis,
927 2594 1045 2690 quoad
1058 2588 1399 2692 totumzloteolunov,
1420 2619 1462 2666 an
1473 2595 1592 2688 quoad

201 2692 814 2788 selasnmimm,tanrisperacorpore
826 2689 1025 2787 separatam.
1053 2691 1592 2788 Apostolonihildelinienrmnea
1660 2705 1664 2714 '

207 2816 277 2887 que
287 2819 352 2882 noe
363 2792 578 2872 definiamus,
623 2796 775 2865 Sufficiat
785 2788 988 2876 observasse,
1014 2813 1144 2865 tantam
1153 2787 1250 2869 fuille
1263 2788 1592 2881 revelationiehujut

207 2890 410 2974 tlaritatem,
422 2917 462 2965 ut
472 2889 539 2986 ipse
549 2889 607 2965 libi
617 2887 710 2964 visus
719 2889 947 2965 sttrebusillis
958 2883 1487 2987 coelestibuspraesensinrerfuijlle.
1513 2894 1591 2962 Cae·

206 3013 322 3063 terum
334 3014 413 3064 cum
426 2992 513 3065 nihil
524 3017 646 3065 eorum
659 2995 1057 3088 memoretquaeviderir,
1069 2987 1210 3064 fibulam
1223 2991 1364 3087 quidem
1377 2981 1527 3086 impiinit
1539 2992 1591 3064 ni·

209 3090 512 3177 miae-curiofitati3
541 3093 709 3164 narrando
722 3114 834 3165 tamen
851 3115 931 3187 quae
946 3095 1118 3169 audiverit,
1155 3085 1317 3163 eneratim
1329 3087 1461 3173 saltem,
1479 3091 1529 3164 ,de
1541 3115 1590 3164 re·

205 3189 274 3262 bus
292 3195 427 3287 magnis
438 3215 502 3264 nos
517 3193 652 3264 edocet.
703 3199 831 3264 Narrat
841 3215 969 3270 autem,
988 3191 1107 3262 audivi
1133 3181 1478 3296 esec'lssp‘ncap‘iueta
1497 3183 1523 3269 ol
1543 3188 1588 3272 tite

209 3281 285 3386 ἓξέν
295 3288 354 3372 dio
371 3282 453 3396 ὦπῳ
464 3295 636 3383 λαλῆσαι.
681 3290 838 3388 Multum
855 3289 928 3363 haec
941 3290 1102 3365 sententia
1116 3285 1213 3362 torfir
1226 3295 1440 3386 interpretes.
1481 3291 1589 3364 sidet·

209 3413 283 3460 non
297 3321 515 3482 polunthaec
530 3392 658 3470 verba,
675 3391 861 3484 quomodo
871 3396 975 3463 audiri
985 3390 1197 3484 potuerunt?
1225 3389 1585 3484 Namquodauditur',

206 3487 244 3560 id
256 3492 376 3584 utique
386 3490 523 3563 dicitur.
559 3487 689 3570 Turnsr
706 3515 777 3562 non
787 3485 1012 3583 polluntdici,
1031 3513 1091 3561 cur
1106 3489 1257 3600 additur,
1275 3485 1470 3582 fanumst,
1492 3508 1532 3559 ut
1540 3487 1584 3560 ab
1719 3529 1728 3543 κ

204 3585 349 3662 homine
357 3588 539 3662 dicantur?
560 3587 681 3664 frustra
690 3592 784 3662 enim
794 3611 890 3662 vetes
900 3613 940 3663 ea
954 3591 1163 3671 renunciare,
1176 3611 1256 3685 quae
1267 3589 1335 3661 dici
1345 3605 1418 3662 non·
1432 3581 1583 3681 pollunt,
1715 3681 1716 3689 ἵ

204 3685 429 3788 confugiunt
440 3687 496 3760 hic
513 3691 579 3760 viri
591 3691 717 3762 eruditi
726 3689 770 3760 ad
779 3689 897 3761 dociae
905 3685 1122 3762 subtilitates.
1150 3685 1242 3761 Mihi
1252 3683 1448 3783 implicitae
1459 3685 1581 3782 placet.

202 3793 290 3859 Non
306 3812 395 3882 puto
407 3784 618 3862 necell'ariam
629 3786 683 3860 hic
692 3783 755 3861 elle
762 3787 1009 3862 confessionem
1017 3785 1256 3888 ταυτολογίας.
1284 3778 1507 3885 Qae‘evitari
1518 3809 1584 3881 po-

203 3885 267 3958 test
281 3888 455 3961 bifariam.
508 3875 759 3990 Verbaoljimae
778 3883 964 3966 dicuntur,
987 3883 1488 3980 respeuuejusquiaudiverat.
1539 3885 1584 3958 Ei

180 4077 184 4084 ⁵
203 3989 298 4058 enirn
315 3991 378 4084 qui
390 3986 612 4083 loquebatur,
629 4009 727 4085 erant
737 3990 857 4084 utique
867 3979 960 4086 ῥητά.
987 3988 1055 4058 Sed
1065 3987 1126 4080 qui
1138 3987 1318 4058 audiverat
1335 3975 1583 4094 iestbieailip‘n·

177 4085 181 4094 ’
202 4118 255 4163 ea
263 4085 359 4167 dicit,
369 4113 440 4161 non
449 4089 704 4183 quodomnino
715 4112 754 4161 ea
765 4089 869 4182 repeti
878 4109 950 4160 non
962 4082 1105 4182 pollent,
1130 4083 1186 4160 sed
1197 4085 1294 4181 quod
1305 4087 1468 4179 majorem
1479 4082 1587 4156 habe«

203 4207 283 4257 rent
292 4188 364 4258 vim
379 4183 725 4284 &fignificationem,
758 4211 864 4283 quam
887 4185 1071 4282 quibuead
1083 4185 1224 4279 plenum
1236 4207 1282 4260 tx
1308 4183 1583 4259 licandiehuma't·
1652 4265 1655 4272 ‚

80 4320 81 4325 ,
202 4307 268 4357 nur
277 4282 389 4360 sermo
399 4283 553 4360 sufficiat.
597 4287 763 4360 Addidit:
788 4311 853 4385 qua
871 4287 1257 4383 hominihquinunlicet,
1279 4209 1403 4358 lcilite‘t
1419 4280 1582 4358 familiari
1713 4317 1717 4322 ·

204 4381 362 4459 sermone
370 4389 459 4460 inter
468 4385 627 4461 homines
639 4390 675 4460 in
684 4389 782 4461 terris
792 4409 1046 4460 commorantes
1060 4411 1072 4470 3
1091 4387 1216 4480 partim
1227 4411 1269 4459 ne
1279 4382 1328 4458 sui
1342 4380 1505 4458 sermonis
1514 4381 1583 4456 ltu·

199 4484 348 4558 militate
357 4506 463 4560 tantae
473 4510 589 4560 rerum
598 4484 947 4581 majestatidetralrat,
973 4488 1099 4588 partim
1108 4486 1205 4581 quod
1213 4509 1252 4558 ea
1263 4485 1365 4558 verba
1374 4486 1411 4558 in
1423 4480 1597 4588 Parettlisoq
1695 4571 1699 4577 Ι

198 4579 622 4666 loloauditiconveniat:
644 4589 862 4686 quippeque
872 4583 1084 4666 mstmentur
1098 4584 1219 4665 futtuo
1233 4581 1360 4698 loculo.
1403 4589 1450 4660 At
1469 4606 1581 4680 neque

214 4721 218 4726 -
322 4735 325 4738 ⁴
1425 4705 1581 4764 temnen-
