4159 5142
426 546 431 553 ι
603 444 841 524 VINCULIS
867 450 921 521 ΙΝ
946 446 1129 547 JUDAEA.
1471 468 1551 525 -rat

166 618 252 683 etat,
265 597 373 698 quod
382 596 427 687 ad
434 591 645 673 ttmstrenua
653 596 824 699 generosae
833 588 1416 679 militiaeexercitial'eadservatum,
1426 592 1552 673 sullen·
1615 624 1630 639 ‘

170 724 298 783 tatum,
320 701 529 776 roboratum
539 701 593 781 iri,
609 725 654 773 ex
664 693 737 794 ipso
748 696 1026 793 imperatorissui
1036 726 1094 773 ore
1106 700 1228 772 certior
1238 698 1446 778 redderetur,
1461 696 1551 771 secu-
1624 722 1627 729 ·
1662 735 1672 750 ·

169 826 227 875 rus
235 826 310 875 nou
321 796 524 875 defuturam
536 824 611 872 eam
622 798 743 898 gloriae
759 803 946 880 coronam,
975 823 1054 895 quae
1062 820 1117 872 tot
1127 794 1295 895 tantisque
1308 800 1550 871 certaminibus

125 933 130 950 =·
170 896 391 997 respondeat.
441 902 477 971 Si
494 895 599 973 ulios
618 918 747 973 naturae
758 900 1099 980 ratiocinationibus,
1126 924 1224 973 exeo
1237 899 1333 991 quod
1348 893 1489 993 praelens
1502 896 1550 973 est

124 1035 126 1089 r
170 1007 288 1075 cunda
300 1002 420 1093 metiri
432 995 562 1081 solitis,
588 998 815 1092 locusdetur3
835 997 1010 1096 frigida&
1027 1001 1138 1073 inanis
1149 995 1337 1071 consolatio
1351 996 1410 1071 ista
1426 986 1549 1071 censeri
1641 1036 1643 1042 .

125 1139 126 1168 1
155 1123 284 1195 ‚queat
341 1103 458 1174 Satlus
474 1100 569 1173 enim
587 1094 649 1173 elle
666 1095 805 1175 'videtur
822 1094 921 1171 semel
934 1103 1067 1194 perire,
1099 1124 1138 1173 ac
1150 1097 1247 1171 celeri
1260 1118 1370 1171 morte
1387 1095 1548 1195 defungi,

125 1289 126 1299 ἵ
170 1224 275 1295 quarn
284 1197 401 1296 longo
411 1200 575 1294 temporis
584 1206 692 1273 tradu
702 1201 738 1273 iu
748 1198 896 1272 vinculis
906 1195 1081 1273 tabescere.
1109 1204 1194 1272 Non
1208 1195 1547 1272 enimliberationem

125 1304 126 1310 ’
170 1303 201 1374 ei
211 1303 392 1394 promittit
404 1301 592 1381 Dominus,
609 1324 647 1371 ac
658 1324 699 1372 ne
711 1297 831 1370 laetum
841 1299 1026 1395 quidemin
1040 1298 1184 1385 hacvita
1201 1299 1350 1371 exitum.
1392 1302 1548 1372 Tantum

170 1399 359 1481 molestias,
382 1400 510 1495 quibus
520 1398 599 1493 plus
611 1395 688 1471 saris
699 1420 851 1495 urgetur,
865 1400 900 1471 in
911 1400 1145 1473 diuturniores
1156 1422 1269 1471 moras
1279 1394 1440 1469 extrahit.
1481 1401 1549 1469 Ve-

145 1530 162 1542 ’·
174 1502 246 1571 rum
258 1499 367 1573 itaest
379 1522 420 1572 ut
429 1502 504 1572 dixi
516 1498 648 1573 strenua
662 1501 697 1572 in
705 1493 880 1593 conspeetu
893 1502 1112 1593 Imperatoris
1126 1545 1137 1579 ,
1157 1499 1341 1578 incitantis,
1358 1497 1544 1577 laudantis,

174 1600 414 1676 victorinusc
436 1622 600 1672 coronam
620 1596 833 1692 pollicentis,
857 1600 1148 1693 pugnamajorem
1159 1590 1322 1695 generoso
1332 1597 1435 1669 militi
1445 1596 1547 1669 volu·

175 1719 301 1793 ptatem
311 1698 450 1781 adfert,
474 1720 581 1794 quam
590 1698 771 1791 opimum,
793 1694 847 1770 sed
860 1694 976 1777 deles,
995 1700 1121 1771 otium.

221 1801 323 1890 XIX.
353 1804 451 1871 Dum
464 1799 638 1870 Dominus
647 1800 695 1869 ita
707 1819 771 1890 pro
788 1794 1134 1896 strvosuovigilatin
1149 1798 1303 1878 bonum,
1329 1791 1463 1878 hostes,
1493 1790 1546 1870 so·
1559 1812 1702 1871 mmet

176 1900 245 1969 mni
255 1900 491 1993 impatientes,
505 1895 652 1995 vigilant
662 1900 698 1969 in
708 1896 860 1970 malum:
880 1898 976 1993 quod
987 1914 1065 1978 orto
1076 1898 1132 1970 die
1142 1892 1269 1971 interse
1279 1900 1544 1970 communicant.
1559 1886 1639 1945 fanda
1649 1892 1697 1945 XL

176 1994 313 2071 Prorsus
323 1997 427 2071 utilli
439 1985 566 2093 quidus
576 2022 629 2069 vae
643 1998 1024 2071 intentaturaDomr‘uo
1041 1995 1148 2072 Mich.
1171 2020 1278 2070 1121.
1324 1962 1716 2099 Vangitanri-{gffssss‘um
1748 1980 1762 1999 ’

175 2091 229 2167 bne
237 2102 450 2194 iniquitatate,
470 2093 663 2197 &dantibus
670 2116 792 2191 operm
800 2092 1085 2172 muomcubdibrir
1088 2098 1154 2185 suis
1164 2130 1176 2181 ;
1198 2102 1277 2194 q'uod
1286 2098 1469 2187 illucescente
1478 2124 1544 2170 ma-
1556 2114 1667 2175 Paulum

177 2194 351 2281 arefaciunt,
370 2222 464 2294 quum
472 2196 514 2279 est
523 2200 556 2268 in
562 2194 715 2291 potestate
725 2218 832 2268 manue
840 2196 983 2292 ipsorum.
1011 2194 1340 2289 Nimirumquidam
1356 2220 1400 2267 ex
1410 2197 1542 2290 Judaeis
1556 2194 1691 2280 {msula-

179 2291 259 2366 fads
267 2300 420 2369 coitione
431 2291 708 2376 devoveruntle,
728 2318 838 2388 neque
847 2294 982 2377 esurus,
1001 2318 1110 2391 neque
1121 2296 1290 2368 bibituros
1301 2295 1543 2369 doneciutere-
1554 2284 1604 2327 ¹¹⁰·

180 2389 307 2467 millent
318 2394 477 2471 Paulum.
522 2402 608 2467 Non
621 2390 728 2466 modo
739 2390 1023 2488 conspirationem
1034 2394 1089 2468 hic
1099 2394 1264 2468 habemus
1282 2396 1317 2467 in
1332 2416 1466 2475 tantum
1478 2390 1544 2467 sce·

125 2554 127 2561 .
179 2488 242 2572 lus,
261 2518 433 2589 quantum
443 2495 488 2568 est
500 2497 661 2575 innocui,
678 2494 764 2591 quid
773 2492 866 2576 dico,
876 2495 1043 2570 innocui?
1069 2491 1546 2569 moucsanoiffinihoninis

179 2594 394 2682 parricidium
407 2620 419 2679 3
441 2590 862 2690 sedocconspirationem,
883 2598 1077 2684 juramento
1086 2591 1269 2674 sancitam,
1293 2596 1551 2689 nequisapro-'

182 2687 451 2782 polrtodestllat:
472 2698 526 2767 cui
548 2696 587 2767 δι
606 2693 786 2766 anathema
796 2718 834 2766 ac
844 2694 936 2767 diras
948 2695 1103 2777 addunt,
1130 2696 1247 2767 omnia
1257 2690 1317 2766 fibi
1329 2692 1418 2765 mala
1428 2690 1548 2787 sponte

183 2789 421 2883 imprecantes,
440 2790 500 2866 nisr
513 2794 611 2889 quod
621 2795 738 2866 animo
748 2815 976 2888 conceperunt
986 2789 1243 2868 nefaseffeaum
1252 2794 1348 2866 dent.
1398 2794 1548 2865 ln'omni

183 2891 314 2989 quidem
328 2898 404 2985 jure
414 2894 561 2985 jurando
572 2894 671 2965 tacita
681 2888 789 2966 subest
797 2890 980 2966 exsecratio
994 2940 1006 2975 ,
1030 2891 1145 2991 fiquis
1158 2898 1301 2988 pejeret:
1327 2888 1382 2963 sed
1393 2916 1464 2986 quo
1478 2918 1548 2965 ma·

183 2984 269 3083 gisse
282 2992 529 3089 obstringerent
537 2990 572 3064 hi
583 2988 742 3073 scelerati,
761 2991 984 3065 anathematis
993 2990 1179 3066 formulam
1193 3012 1431 3085 conceperunt,
1450 3016 1549 3065 acca·

133 3116 138 3123 ·
185 3085 653 3177 pitasuadirisdevoverunt,
679 3116 757 3186 quae
771 3088 947 3165 insolitum
959 3091 1349 3166 incuterenthorrorem.
1402 3092 1549 3180 Incredi-

186 3184 248 3258 bile
263 3186 399 3289 prorsus
418 3194 545 3263 amoris
558 3194 592 3263 in
607 3214 745 3292 gentem
768 3187 863 3263 suam
880 3192 1077 3285 exemplum
1094 3192 1220 3265 Paulus
1230 3191 1360 3272 edidit,
1392 3214 1501 3287 quum
1512 3194 1549 3265 iu
1571 3276 1578 3289 .

185 3279 251 3358 haec
260 3292 363 3363 verba
372 3287 536 3366 scriberet.
555 3295 661 3363 Rom.
677 3314 734 3363 tx:
753 3314 784 3371 1,
799 3316 832 3391 c,
848 3315 882 3385 3,
894 3314 931 3382 4.
971 3292 1008 3365 V
1003 3296 1149 3365 critatem
1158 3294 1221 3366 diro
1228 3311 1286 3386 per
1298 3261 1472 3375 calisium,
1490 3318 1548 3365 non

185 3392 325 3469 munior,
351 3389 514 3472 attestante
525 3392 603 3463 mihi
616 3390 972 3480 frmulconscieuriamea
980 3396 1204 3489 perspiritum
1217 3391 1383 3465 Sannum:
1408 3416 1549 3485 magnam

187 3486 512 3580 militristitiameffe,
538 3493 581 3563 (ff
584 3490 647 3579 fiae
655 3488 866 3582 intermissione
877 3496 1046 3563 rrrrciarum
1058 3495 1142 3565 cordi
1156 3517 1245 3563 meo:
1269 3492 1401 3585 optarim
1414 3512 1466 3583 ego
1485 3487 1548 3583 ipse

152 3649 166 3663 .,
187 3586 420 3680 Auuhemaeffe
437 3616 458 3663 a
478 3589 612 3673 Christo,
625 3608 685 3684 pro
699 3586 857 3687 ,fratribus
864 3596 961 3670 meis,
981 3596 1124 3686 ,cognatis
1142 3595 1219 3663 meis
1231 3588 1546 3677 se’crendamcarnem
1621 3599 1623 3608 '

187 3682 474 3777 quisunrlsrae'litae.
518 3694 668 3780 Atjurrta
679 3686 747 3760 fere
758 3687 955 3761 incredibile
971 3689 1016 3762 est
1025 3689 1224 3785 exemplum
1238 3688 1331 3767 odii,
1358 3686 1546 3779 quotidem

187 3776 231 3850 illi
240 3782 369 3867 fratres,
388 3790 575 3887 &cognati
598 3787 692 3859 Pauli
702 3784 886 3881 secundum
900 3812 1047 3871 carnem,
1067 3786 1117 3859 illi
1130 3785 1299 3864 lsra‘e‘litre,
1313 3804 1487 3876 tantopere
1499 3786 1543 3859 ab

188 3875 370 3967 ipsodileoi
382 3933 394 3967 ,
417 3890 452 3959 in
463 3883 572 3981 ipsum
586 3886 755 3983 flagrant3
786 3908 824 3956 ut
842 3888 959 3959 nonin
981 3890 1090 3981 vitam
1100 3886 1207 3958 modo
1220 3880 1321 3978 ipsms
1337 3878 1541 3977 conspirent,

130 4063 133 4073 ,
188 3970 279 4056 sed&
291 3989 388 4059 omni
400 3988 478 4059 cibo
490 4009 645 4081 potuque
660 3982 721 4058 srbi
734 3986 956 4067 interdicant,
974 3977 1054 4058 curn
1063 3982 1258 4057 dirissemet
1270 3979 1544 4079 ipsosdevoven·

190 4093 246 4160 ³⁸82
262 4086 369 4159 donec
378 4086 465 4159 mala
475 4112 554 4160 eurn
566 4106 688 4163 morte,
702 4088 738 4158 &
749 4071 1049 4181 ipsorumquidem
1062 4087 1219 4158 manibus
1231 4084 1418 4163 inferenda,
1433 4079 1546 4177 perlis·
1574 4166 1578 4169 .

188 4169 405 4258 secernerent.
448 4190 604 4259 Tantum
618 4182 740 4283 religio
756 4187 869 4279 potuit
879 4180 1041 4265 suadere,
1070 4176 1247 4259 srPaulum
1259 4181 1381 4279 spectes
1394 4197 1420 4266 ‚²
1432 4184 1545 4256 bono-

189 4296 280 4367 rum,
305 4280 584 4379 srhollesiplrus,
608 4284 795 4357 malorum.
844 4288 888 4355 Et
907 4310 950 4357 ne
967 4310 1093 4380 paucos
1110 4278 1405 4378 fuillesuspiceris,
1430 4282 1546 4377 plures

190 4393 282 4480 qgam
292 4386 516 4483 quadraginta
530 4387 595 4456 viri
614 4386 649 4456 in
659 4382 721 4455 hae
733 4385 966 4473 conjuratione
989 4383 1103 4458 fuere:
1130 4387 1213 4481 qui,
1235 4377 1375 4456 consilio
1387 4390 1466 4456 cum
1478 4386 1548 4471 prr·

192 4481 294 4553 mariis
305 4485 545 4556 Sacerdotibus
556 4510 593 4559 ac
603 4484 801 4558 Senioribus
813 4487 1082 4567 communicato,
1101 4492 1253 4557 sudores
1265 4484 1305 4555 iis
1321 4480 1481 4565 fuerunt,
1507 4504 1547 4556 ut

195 4578 370 4655 aTsibuno
381 4582 526 4656 Paulum
538 4586 582 4657 ad
593 4576 776 4657 consessum
788 4583 910 4663 deduci
925 4607 1089 4677 peterent,
1108 4584 1214 4661 veluti
1223 4578 1366 4658 caullam
1375 4580 1477 4680 ipsrus
1486 4606 1548 4654 err·

237 4682 489 4761 Maemaleiu
858 4772 860 4778 Ι
922 4691 982 4783 Q
1027 4694 1052 4731 Ψ
1204 4745 1208 4755 .
1392 4679 1548 4779 qulsrtlus
